@book{boyd2004convex,
  title={Convex optimization},
  author={Boyd, Stephen and Boyd, Stephen P and Vandenberghe, Lieven},
  year={2004},
  publisher={Cambridge university press}
}

@book{wright1997primal,
  title={Primal-dual interior-point methods},
  author={Wright, Stephen J},
  volume={54},
  year={1997},
  publisher={Siam}
}

@inproceedings{karmarkar1984new,
  title={A new polynomial-time algorithm for linear programming},
  author={Karmarkar, Narendra},
  booktitle={Proceedings of the sixteenth annual ACM symposium on Theory of computing},
  pages={302--311},
  year={1984}
}

@article{apostol1964mathematical,
  title={Mathematical analysis},
  author={Apostol, Tom M},
  year={1964},
  publisher={Addison-Wesley}
}

@misc{ wiki:taylor,
    author = "{Wikipedia contributors}",
    title = "Taylor's theorem --- {Wikipedia}{,} The Free Encyclopedia",
    year = "2020",
    url = "https://en.wikipedia.org/w/index.php?title=Taylor%27s_theorem&oldid=940385166",
    note = "[Online; accessed 6-March-2020]"
  }